
@article{Cranmer:2015bka,
      author         = "Cranmer, Kyle and Pavez, Juan and Louppe, Gilles",
      title          = "{Approximating Likelihood Ratios with Calibrated
                        Discriminative  Classifiers}",
      year           = "2015",
      eprint         = "1506.02169",
      archivePrefix  = "arXiv",
      primaryClass   = "stat.AP",
      SLACcitation   = "%%CITATION = ARXIV:1506.02169;%%"
}

@article{Louppe:2016aov,
      author         = "Louppe, Gilles and Cranmer, Kyle and Pavez, Juan",
      title          = "{carl: a likelihood-free inference toolbox}",
      journal        = "J. Open Source Softw.",
      year           = "2016",
      doi            = "10.21105/joss.00011",
      SLACcitation   = "%%CITATION = INSPIRE-1459310;%%"
}

@article{Brehmer:2015rna,
      author         = "Brehmer, Johann and Freitas, Ayres and Lopez-Val, David
                        and Plehn, Tilman",
      title          = "{Pushing Higgs effective theory to its limits}",
      journal        = "Phys. Rev.",
      volume         = "D93",
      year           = "2016",
      number         = "7",
      pages          = "075014",
      doi            = "10.1103/PhysRevD.93.075014",
      eprint         = "1510.03443",
      archivePrefix  = "arXiv",
      primaryClass   = "hep-ph",
      SLACcitation   = "%%CITATION = ARXIV:1510.03443;%%"
}

@article{Brehmer:2016nyr,
      author         = "Brehmer, Johann and Cranmer, Kyle and Kling, Felix and
                        Plehn, Tilman",
      title          = "{Better Higgs boson measurements through information
                        geometry}",
      journal        = "Phys. Rev.",
      volume         = "D95",
      year           = "2017",
      number         = "7",
      pages          = "073002",
      doi            = "10.1103/PhysRevD.95.073002",
      eprint         = "1612.05261",
      archivePrefix  = "arXiv",
      primaryClass   = "hep-ph",
      SLACcitation   = "%%CITATION = ARXIV:1612.05261;%%"
}

@phdthesis{johann_thesis,
      author         = "Brehmer, Johann",
      title          = "{New Ideas for Effective Higgs Measurements}",
      school         = "Heidelberg U.",
      year           = "2017"
}

@article{Hagiwara:1993ck,
      author         = "Hagiwara, Kaoru and Ishihara, S. and Szalapski, R. and
                        Zeppenfeld, D.",
      title          = "{Low-energy effects of new interactions in the
                        electroweak boson sector}",
      journal        = "Phys. Rev.",
      volume         = "D48",
      year           = "1993",
      pages          = "2182-2203",
      doi            = "10.1103/PhysRevD.48.2182",
      reportNumber   = "MAD-PH-737, UT-635, KEK-TH-356, KEK-PREPRINT-92-214",
      SLACcitation   = "%%CITATION = PHRVA,D48,2182;%%"
}

@article{Cranmer:2006zs,
      author         = "Cranmer, Kyle and Plehn, Tilman",
      title          = "{Maximum significance at the LHC and Higgs decays to
                        muons}",
      journal        = "Eur. Phys. J.",
      volume         = "C51",
      year           = "2007",
      pages          = "415-420",
      doi            = "10.1140/epjc/s10052-007-0309-4",
      eprint         = "hep-ph/0605268",
      archivePrefix  = "arXiv",
      primaryClass   = "hep-ph",
      reportNumber   = "MPP-2006-43",
      SLACcitation   = "%%CITATION = HEP-PH/0605268;%%"
}

@article{Plehn:2013paa,
      author         = "Plehn, Tilman and Schichtel, Peter and Wiegand, Daniel",
      title          = "{Where boosted significances come from}",
      journal        = "Phys. Rev.",
      volume         = "D89",
      year           = "2014",
      number         = "5",
      pages          = "054002",
      doi            = "10.1103/PhysRevD.89.054002",
      eprint         = "1311.2591",
      archivePrefix  = "arXiv",
      primaryClass   = "hep-ph",
      SLACcitation   = "%%CITATION = ARXIV:1311.2591;%%"
}

@article{Kling:2016lay,
      author         = "Kling, Felix and Plehn, Tilman and Schichtel, Peter",
      title          = "{Maximizing the significance in Higgs boson pair
                        analyses}",
      journal        = "Phys. Rev.",
      volume         = "D95",
      year           = "2017",
      number         = "3",
      pages          = "035026",
      doi            = "10.1103/PhysRevD.95.035026",
      eprint         = "1607.07441",
      archivePrefix  = "arXiv",
      primaryClass   = "hep-ph",
      reportNumber   = "FERMILAB-PUB-16-267-T, IPPP-16-72, MCNET-16-28",
      SLACcitation   = "%%CITATION = ARXIV:1607.07441;%%"
}

@article{Alwall:2014hca,
      author         = "Alwall, J. and Frederix, R. and Frixione, S. and Hirschi,
                        V. and Maltoni, F. and Mattelaer, O. and Shao, H. -S. and
                        Stelzer, T. and Torrielli, P. and Zaro, M.",
      title          = "{The automated computation of tree-level and
                        next-to-leading order differential cross sections, and
                        their matching to parton shower simulations}",
      journal        = "JHEP",
      volume         = "07",
      year           = "2014",
      pages          = "079",
      doi            = "10.1007/JHEP07(2014)079",
      eprint         = "1405.0301",
      archivePrefix  = "arXiv",
      primaryClass   = "hep-ph",
      reportNumber   = "CERN-PH-TH-2014-064, CP3-14-18, LPN14-066, MCNET-14-09,
                        ZU-TH-14-14",
      SLACcitation   = "%%CITATION = ARXIV:1405.0301;%%"
}